|0000|019|0|01082025|03082025|EMPRESA DEMO LTDA|12345678000199||SP|123456789|3550308|||B|1|
|0001|0|
# Nota de ENTRADA dia 01
|C100|0|0|55|00|00|123|NFENT-0001|35140812345678000199550010000000011000000010|01082025|01082025|1500,00|0|0|0|1500,00|0|0|0|0|0|
|C190|000|1102|18,00|1000,00|180,00|1000,00|180,00|
|C170|1|PRD001|Produto A Entrada|10|UN|1000,00|0|000|1102|1000,00|060|18,00|180,00|
|C190|000|1403|18,00|500,00|90,00|500,00|90,00|
|C170|2|PRD002|Produto B Entrada|5|UN|500,00|0|000|1403|500,00|060|18,00|90,00|
# Nota de SAIDA dia 02
|C100|1|0|55|00|00|456|NFSAI-0001|35140812345678000199550010000000021000000020|02082025|02082025|3000,00|0|0|0|3000,00|0|0|0|0|0|
|C190|000|5102|12,00|2000,00|240,00|2000,00|240,00|
|C170|1|PRD010|Produto A Saida|20|UN|2000,00|0|000|5102|2000,00|060|12,00|240,00|
|C190|000|5405|12,00|1000,00|120,00|1000,00|120,00|
|C170|2|PRD011|Produto B Saida|10|UN|1000,00|0|000|5405|1000,00|060|12,00|120,00|
# Nota de ENTRADA dia 03
|C100|0|0|55|00|00|789|NFENT-0002|35140812345678000199550010000000031000000030|03082025|03082025|800,00|0|0|0|800,00|0|0|0|0|0|
|C190|000|1202|18,00|800,00|144,00|800,00|144,00|
|C170|1|PRD003|Produto C Entrada|8|UN|800,00|0|000|1202|800,00|060|18,00|144,00|
# Nota de SAIDA dia 03
|C100|1|0|55|00|00|790|NFSAI-0002|35140812345678000199550010000000041000000040|03082025|03082025|500,00|0|0|0|500,00|0|0|0|0|0|
|C190|000|5102|12,00|500,00|60,00|500,00|60,00|
|C170|1|PRD010|Produto A Saida|5|UN|500,00|0|000|5102|500,00|060|12,00|60,00|
|9999|0|
